<record><leader>00000cas a2200000 a 4500</leader><controlfield tag="001">19933182</controlfield><controlfield tag="008">890627d19uu1956kyuwr ne      0    0eng d</controlfield><datafield ind1=" " ind2=" " tag="010"><subfield code="a">sn 89058431 </subfield></datafield><datafield ind1=" " ind2=" " tag="040"><subfield code="a">KNP</subfield><subfield code="b">eng</subfield><subfield code="c">KNP</subfield><subfield code="d">OCL</subfield><subfield code="d">OCLCQ</subfield><subfield code="d">KYUBL</subfield><subfield code="d">OCLCQ</subfield><subfield code="d">OCLCF</subfield><subfield code="d">OCLCO</subfield></datafield><datafield ind1=" " ind2=" " tag="042"><subfield code="a">msc</subfield></datafield><datafield ind1=" " ind2=" " tag="043"><subfield code="a">n-us-ky</subfield></datafield><datafield ind1="0" ind2="4" tag="245"><subfield code="a">The Hindman news.</subfield></datafield><datafield ind1=" " ind2=" " tag="260"><subfield code="a">Hindman, Ky. :</subfield><subfield code="b">[M.H. Holliday, Jr.]</subfield></datafield><datafield ind1=" " ind2=" " tag="300"><subfield code="a">v. :</subfield><subfield code="b">ill.</subfield></datafield><datafield ind1=" " ind2=" " tag="310"><subfield code="a">Weekly</subfield></datafield><datafield ind1="1" ind2=" " tag="362"><subfield code="a">Ceased in 1956?</subfield></datafield><datafield ind1=" " ind2=" " tag="588"><subfield code="a">Description based on: Vol. 5, no. 37 (July 6, 1951).</subfield></datafield><datafield ind1=" " ind2="0" tag="651"><subfield code="a">Hindman (Ky.)</subfield><subfield code="v">Newspapers.</subfield></datafield><datafield ind1=" " ind2="0" tag="651"><subfield code="a">Knott County (Ky.)</subfield><subfield code="v">Newspapers.</subfield></datafield><datafield ind1=" " ind2="7" tag="655"><subfield code="a">Newspapers.</subfield><subfield code="2">fast</subfield><subfield code="0">(OCoLC)fst01423814</subfield></datafield><datafield ind1=" " ind2="7" tag="651"><subfield code="a">Kentucky</subfield><subfield code="z">Hindman.</subfield><subfield code="2">fast</subfield><subfield code="0">(OCoLC)fst01252807</subfield></datafield><datafield ind1=" " ind2="7" tag="651"><subfield code="a">Kentucky</subfield><subfield code="z">Knott County.</subfield><subfield code="2">fast</subfield><subfield code="0">(OCoLC)fst01235523</subfield></datafield><datafield ind1=" " ind2=" " tag="752"><subfield code="a">United States</subfield><subfield code="b">Kentucky</subfield><subfield code="c">Knott</subfield><subfield code="d">Hindman.</subfield></datafield><datafield ind1="0" ind2="7" tag="785"><subfield code="t">Mountain messenger (Hazard, Ky. : 1955)</subfield><subfield code="w">(DLC)sn 87060017</subfield></datafield><datafield ind1="0" ind2="7" tag="785"><subfield code="t">Mountain messenger and the Hindman news</subfield><subfield code="w">(DLC)sn 89058432</subfield></datafield></record>